
@WEB{qemu_doc,
        url={https://qemu.weilnetz.de/doc/qemu-doc.html},
        journal={QEMU version 2.11.92 User Documentation}}
