
@WEB{qemu_doc,
        url={https://qemu.weilnetz.de/doc/qemu-doc.html},
        journal={QEMU version 2.11.92 User Documentation}}

@WEB{roman10,
    title={Linux Kernel Programmingâ€“Linked List}, url={http://www.roman10.net/2011/07/28/linux-kernel-programminglinked-list/},
    journal={roman10}, author={roman10}}
