
@WEB{qemu_doc,
        url={https://qemu.weilnetz.de/doc/qemu-doc.html},
        journal={QEMU version 2.11.92 User Documentation}}

@WEB{roman10,
    title={Linux Kernel Programmingâ€“Linked List}, url={http://www.roman10.net/2011/07/28/linux-kernel-programminglinked-list/},
    journal={roman10}, author={roman10}}

@WEB{block_driver, title={Superpatterns Pat Patterson on the Cloud, Identity and Single Malt Scotch}, url={http://blog.superpat.com/2010/05/04/a-simple-block-driver-for-linux-kernel-2-6-31/}, journal={Superpatterns}}
